@ARTICLE{Seeman2008,
  author = {Ego Seeman},
  title = {Bone quality: the material and structural basis of bone strength},
  journal = {Journal of Bone and Mineral Metabolism},
  year = {2008},
  volume = {26},
  pages = {1-8},
  number = {1}
}

@ARTICLE{Licata2009,
  author = {A. Licata},
  title = {Bone density vs bone quality: What's a clinician to do?},
  journal = {Cleveland Clinic Journal of Medicine},
  year = {2009},
  volume = {76},
  pages = {331-336},
  number = {6},
  month = {June}
}

@ARTICLE{Fazzalari2002,
  author = {N. L. Fazzalari and J. S. Kuliwaba and M. R. Forwood},
  title = {Cancellous bone microdamage in the proximal femur : Influence of
	age an osteoarthritis on damage morphology and regional distribution},
  journal = {Bone},
  year = {2002},
  volume = {31},
  pages = {697-702}
}

@ARTICLE{Fratzl2008,
  author = {P. Fratzl},
  title = {Bone fracture: When the cracks begin to show},
  journal = {Nature Materials},
  year = {2008},
  volume = {7},
  pages = {610-612}
}

@ARTICLE{Leng2008,
  author = {H. Leng and X. Wang and R.D. Rossa and G.L. Niebura
	and R.K. Roeder},
  title = {Micro-computed tomography of fatigue microdamage in cortical bone
	using a barium sulfate contrast agent},
  journal = {Journal of the Mechanical Behavior of Biomedical Materials},
  year = {2008},
  volume = {1},
  pages = {68-75},
  number = {1}
}

@ARTICLE{Salome1999,
  author = {M. Salom\'{e} and F. Peyrin and C. Odet
	and A.-M. Laval-Jeantet and P. Cloetens and J. Baruchel
	and P. Spanne},
  title = {A synchrotron radiation microtomography system for the analysis of
	trabecular bone samples},
  journal = {Medical Physics},
  year = {1999},
  volume = {26},
  pages = {2194-2204}
}

@ARTICLE{Nuzzo2002,
  author = {S. Nuzzo and F. Peyrin and P. Cloetens and J. Baruchel and G. Boivin},
  title = {Quantification of the degree of mineralization of bone in three dimension
	using synchrotron radiation microtomography},
  journal = {Medical Physics},
  year = {2002},
  volume = {19},
  pages = {2672-2681},
  number = {11}
}

@ARTICLE{Davies2006,
  author = {Davies, CM and Jones, DB and Stoddart, MJ and Koller K, Smith E,
	Archer CW, Richards RG.},
  title = {Mechanically loaded ex vivo bone culture system {'Zetos'}: systems
	and culture preparation},
  journal = {European Cells \& Materials},
  year = {2006},
  volume = {11},
  pages = {57-75}
}

@ARTICLE{Larrue2011,
  author = {A. Larrue and A. Rattner and Z. Peter and C. olivier and N. Laroche
	and L. Vico and F. Peyrin},
  title = {Synchrotron {R}adiation micro-{CT} at the micrometer scale allows
	analyzing the three-dimensional morphology of microcracks in human
	trabecular bone},
  journal = {PlosOne},
  year = {2011},
  pages = {In press}
}

@INPROCEEDINGS{Weitkamp2010,
  author = {T. Weitkamp and P. Tafforeau and E. Boller and P. Cloetens and J.-P.
	Valade and P. Bernard and F. Peyrin and W. Ludwig and L. Helfen and
	J. Baruchel},
  title = {Status and evolution of the {ESRF} beamline {ID}19},
  booktitle = {ICXOM20: the 20th {I}nternational {C}ongress on {X}-ray {O}ptics
	and {M}icroanalysis},
  year = {2010},
  volume = {1221},
  series = {AIP Conference Proceedings},
  pages = {33-38},
  address = {Karlsruhe, Germany}
}